% Nur diejenigenReferenzen, die zitiert wurden werden gedruckt

%Referenzier und zitier befehle (!!! sind zum teil im .sty file selber definiert!!!)
%\cite{einstein}                %macht nur die Referenz: [Nr]
%\textcquote{einstein}{text}    %macht eine referenz zu einem text hinzu: "text"[Nr]
%\blockcquote{einstein}{text}   %wie \textcquote aber setzt text in display mode (abgesetzter text)





@article{einstein,
    author =       "Albert Einstein",
    title =        "{Zur Elektrodynamik bewegter K{\"o}rper}. ({German})[{On} the electrodynamics of moving bodies]",
    journal =      "Annalen der Physik",
    volume =       "322",
    number =       "10",
    pages =        "891--921",
    year =         "1905",
    keywords =     "physics"
}






































































































%a